<?xml version="1.0" encoding="UTF-8"?>
<record xmlns="http://www.loc.gov/MARC21/slim" xmlns:xsi="http://www.w3.org/2001/XMLSchema-instance" xsi:schemaLocation="http://www.loc.gov/MARC21/slim http://www.loc.gov/standards/marcxml/schema/MARC21slim.xsd">
<leader>00000cam a22      a 4500</leader>
<controlfield tag="001">002082374</controlfield>
<controlfield tag="003">NNU</controlfield>
<controlfield tag="005">20141224195617.0</controlfield>
<controlfield tag="008">930526s1954    ir       b    000 0 ara d</controlfield>
<datafield tag="035" ind1=" " ind2=" ">
<subfield code="a">(OCoLC)477182045</subfield>
</datafield>
<datafield tag="040" ind1=" " ind2=" ">
<subfield code="a">NNU</subfield>
<subfield code="b">eng</subfield>
<subfield code="c">N15</subfield>
<subfield code="d">OCLCQ</subfield>
<subfield code="d">OCLCO</subfield>
<subfield code="d">NNU</subfield>
</datafield>
<datafield tag="050" ind1=" " ind2="4">
<subfield code="a">B751.Q33</subfield>
<subfield code="b">J39 1954</subfield>
</datafield>
<datafield tag="100" ind1="1" ind2=" ">
<subfield code="6">880-01</subfield>
<subfield code="a">Jazāʼirī, Niʻmat Allāh ibn ʻAbd Allāh,</subfield>
<subfield code="d">1640 or 1641-1701.</subfield>
</datafield>
<datafield tag="245" ind1="1" ind2="0">
<subfield code="6">880-02</subfield>
<subfield code="a">Sharḥ ʻAynīyat Ibn Sīnā /</subfield>
<subfield code="c">li-Niʻmat Allāh al-Jazāʼirī al-Shūstarī al-Mūsawī al-Ḥusaynī. Wa-Qaṣīdah fī al-radd ʻalá Ibn Sīnā / li-ʻAbd ʻAlī al-Ḥuwayzī ; ʻuniya bi-nashrihumā wa-taḥqīqihumā ... Ḥusayn ʻAlī Maḥfūẓ.</subfield>
</datafield>
<datafield tag="260" ind1=" " ind2=" ">
<subfield code="6">880-03</subfield>
<subfield code="a">Ṭihrān :</subfield>
<subfield code="b">Maṭbaʻat al-Ḥaydarī,</subfield>
<subfield code="c">1954.</subfield>
</datafield>
<datafield tag="300" ind1=" " ind2=" ">
<subfield code="a">26 pages ;</subfield>
<subfield code="c">24 cm</subfield>
</datafield>
<datafield tag="336" ind1=" " ind2=" ">
<subfield code="a">text</subfield>
<subfield code="b">txt</subfield>
<subfield code="2">rdacontent</subfield>
</datafield>
<datafield tag="337" ind1=" " ind2=" ">
<subfield code="a">unmediated</subfield>
<subfield code="b">n</subfield>
<subfield code="2">rdamedia</subfield>
</datafield>
<datafield tag="338" ind1=" " ind2=" ">
<subfield code="a">volume</subfield>
<subfield code="b">nc</subfield>
<subfield code="2">rdacarrier</subfield>
</datafield>
<datafield tag="500" ind1=" " ind2=" ">
<subfield code="a">Titles on added t.p.: A commentary on al-Qaṣīda al-ʻAīniya of Ibn Sina. A refutation of Ibn Sina.</subfield>
</datafield>
<datafield tag="504" ind1=" " ind2=" ">
<subfield code="a">Includes bibliographical references.</subfield>
</datafield>
<datafield tag="600" ind1="0" ind2="0">
<subfield code="a">Avicenna,</subfield>
<subfield code="d">980-1037.</subfield>
<subfield code="t">Qaṣīdah al-ʻaynīyah.</subfield>
</datafield>
<datafield tag="700" ind1="1" ind2=" ">
<subfield code="6">880-04</subfield>
<subfield code="a">Maḥfūẓ, Ḥusayn ʻAlī.</subfield>
</datafield>
<datafield tag="700" ind1="1" ind2=" ">
<subfield code="6">880-05</subfield>
<subfield code="a">Ḥuwayzī, ʻAbd ʻAlī ibn Jumʻah,</subfield>
<subfield code="d">active 17th century.</subfield>
<subfield code="t">Qaṣīdah fī al-radd ʻalá Ibn Sīnā.</subfield>
</datafield>
<datafield tag="740" ind1="0" ind2=" ">
<subfield code="a">Commentary on al-Qaṣīda al-ʻaīniya of Ibn Sina.</subfield>
</datafield>
<datafield tag="740" ind1="0" ind2=" ">
<subfield code="a">Refutation of Ibn Sina.</subfield>
</datafield>
<datafield tag="880" ind1="0" ind2=" ">
<subfield code="6">100-01/</subfield>
<subfield code="a">نعمة الله الجزائري.</subfield>
</datafield>
<datafield tag="880" ind1="1" ind2="0">
<subfield code="6">245-02/</subfield>
<subfield code="a">شرح عينية ابن سينا /</subfield>
<subfield code="c">لنعمة الله الجزائري الشوستري الموسوي الحسينى. وقصيدة فى الرد على ابن سينا / لعبد على الحويزي ؛ عنى بنشرهما وتحقيقهما ... حسين على محفوظ.</subfield>
</datafield>
<datafield tag="880" ind1=" " ind2=" ">
<subfield code="6">260-03/</subfield>
<subfield code="a">طهران :</subfield>
<subfield code="b">مطبعة الحيدرى،</subfield>
<subfield code="c">١٩٥٤.</subfield>
</datafield>
<datafield tag="880" ind1="1" ind2=" ">
<subfield code="6">700-04/</subfield>
<subfield code="a">محفوظ، حسين علي.</subfield>
</datafield>
<datafield tag="880" ind1="1" ind2=" ">
<subfield code="6">700-05/</subfield>
<subfield code="a">حويزي، عبد علي بن جمعة،</subfield>
<subfield code="d">active 17th century.</subfield>
<subfield code="t">قصيدة في الرد على ابن سينا.</subfield>
</datafield>
<datafield tag="OWN" ind1=" " ind2=" ">
<subfield code="a">GENERAL</subfield>
</datafield>
<datafield tag="AVA" ind1=" " ind2=" ">
<subfield code="a">NYU50</subfield>
<subfield code="b">BOBST</subfield>
<subfield code="c">Main Collection</subfield>
<subfield code="d">B751.Q33 J39 1954</subfield>
<subfield code="e">unavailable</subfield>
<subfield code="t">Unavailable</subfield>
<subfield code="f">1</subfield>
<subfield code="g">1</subfield>
<subfield code="h">N</subfield>
<subfield code="i">0</subfield>
<subfield code="j">MAIN</subfield>
<subfield code="k">0</subfield>
</datafield>
</record>
